@article{fibo    ,
  author          = {Viggiani Rocha María Isabel},
  journal         = {Famaf},
  number          = {1},
  title           = {La sucesión de Fibonacci},
  volume          = {3},
  year            = {2022}
}
@article{key,
  author          = {José L. Bueso Montero},
  journal         = {},
  number          = {},
  title           = {Números Perfectos y Matemáticos Imperfectos},
  volume          = {},
  year            = {2019}
}
@book{concep1,
  author         = {Lee, R. C. t.},
  editor         = {Mc Graw Hill},
  publisher      = {},
  title          = {Introducción al diseño y análisis de algoritmos: un enfoque estratégico},
  year           = {2014}
}